@article{neuralnet,
  title={Package ‘neuralnet’},
  author={Fritsch, Stefan and Guenther, Frauke and Guenther, Maintainer Frauke},
  year={2012}
}
@online{spam,
author = {Hopkins, Mark and Reeber, Erik and Forman, George and Suermondt, Jaap},
title = {Spambase Data Set},
howpublished = {\url{https://archive.ics.uci.edu/ml/datasets/Spambase}},
}
@online{Weka,
author={University of Waikato Machine Learning Group},
title={Weka 3: Data Mining Software in Java},
howpublished={\url{http://www.cs.waikato.ac.nz/ml/weka/}}
}
@article{scikit-learn,
 title={Scikit-learn: Machine Learning in {P}ython},
 author={Pedregosa, F. and others},
 journal={Journal of Machine Learning Research},
 volume={12},
 pages={2825--2830},
 year={2011}
}

